% How to cite webpage: https://tex.stackexchange.com/questions/3587/how-can-i-use-bibtex-to-cite-a-web-page

@misc{nycrecovery,
  title = {New York City will reopen 100\% on July 1, mayor Bill de Blasio says},
    author = {{CNBC}},
  howpublished = {\url{https://www.cnbc.com/2021/04/29/new-york-city-mayor-bill-de-blasio-says-the-city-will-re-open-100percent-on-july-1.html}},
  note = {Accessed: 2022-08-02}
}

@misc{pricesurge,
  title = {Prepare to Pay More for Uber and Lyft Rides},
    author = {{The New York Times}},
  howpublished = {\url{https://www.nytimes.com/article/uber-lyft-surge.html}},
  note = {Accessed: 2022-08-02}
}

@misc{tripdata,
  title = {TLC Trip Record Data},
  author = {{NYC Taxi & Limousine Commission}},
  howpublished = {\url{https://www1.nyc.gov/site/tlc/about/tlc-trip-record-data.page}},
  note = {Accessed: 2022-07-29}
}

@misc{rentaldata,
  title = {StreetEasy Data Dashboard},
  author = {{StreetEasy}},
  howpublished = {\url{https://streeteasy.com/blog/data-dashboard/}},
  note = {Accessed: 2022-07-29}
}

@misc{speedlimit,
  title = {Manhattan Speed Limits},
  author = {{City of New York}},
  howpublished = {\url{https://www1.nyc.gov/html/dot/downloads/pdf/current-pre-vision-zero-speed-limit-maps.pdf}},
  note = {Accessed: 2022-08-03}
}

@misc{carlimit,
  title = {How fast can you hit a speed bump while driving and live?},
    author = {{Randall Munroe}},
  howpublished = {\url{https://what-if.xkcd.com/61/#:~:text=The\%20average\%20modern\%20car\%20is,speed\%20comes\%20from\%20air\%20resistance}},
  note = {Accessed: 2022-08-03}
}

@misc{juno,
  title = {Juno shuts down its operations in NYC as owner Gett signs strategic partnership with Lyft},
      author = {{TechCrunch}},
  howpublished = {\url{https://techcrunch.com/2019/11/18/juno-shuts-down-its-operations-in-nyc-as-owner-gett-signs-strategic-partnership-with-lyft/}},
  note = {Accessed: 2022-08-04}
}

@misc{politico,
  title = {Uber biggest in Manhattan and gentrified Brooklyn and Queens},
  author={{Politico}},
  howpublished = {\url{https://www.politico.com/states/new-york/city-hall/story/2015/10/uber-biggest-in-manhattan-and-gentrified-brooklyn-and-queens-026306}},
  note = {Accessed: 2022-08-05}
}

@misc{nycindex,
  title = {The New York City Recovery Index},
          author = {{Spectrum News NY1}},
  howpublished = {\url{https://www.ny1.com/nyc/all-boroughs/reopening-nyc/2022/06/22/the-new-york-city-recovery-index--june-20}},
  note = {Accessed: 2022-08-07}
}

@misc{rf,
  title = {Random Forest Regressor},
        author = {{Apache Spark}},
  howpublished = {\url{
https://spark.apache.org/docs/latest/api/python/reference/api/pyspark.ml.regression.RandomForestRegressor.html}},
  note = {Accessed: 2022-08-10}
}

@misc{dtbook,
  title = {Classification Algorithms and
Regression Trees},
author={{Rafael Irizarry}},
  howpublished = {\url{https://rafalab.github.io/pages/649/section-11.pdf}},
  note = {Accessed: 2022-08-10}
}

@misc{renter,
  title = {2021 New York City Housing and Vacancy Survey
Selected Initial Findings},
  author = {{City of New York}},
  howpublished = {\url{https://www1.nyc.gov/assets/hpd/downloads/pdfs/services/2021-nychvs-selected-initial-findings.pdf}},
  note = {Accessed: 2022-08-02}
}
@misc{cuomo,
  title = {Governor Cuomo Announces Statewide Launch of "Roll up Your Sleeve" Campaign and Encourages New Yorkers Age 16-Plus Who Are Eligible for the COVID-19 Vaccine Tuesday, April 6 to Schedule an Appointment},
  author = {{New York State}},
  howpublished = {\url{https://www.governor.ny.gov/news/governor-cuomo-announces-statewide-launch-roll-your-sleeve-campaign-and-encourages-new-yorkers#:~:text=This\%20effort\%20comes\%20as\%20universal,states\%20to\%20enact\%20universal\%20eligibility.}},
  note = {Accessed: 2022-08-05}
}

@misc{ftimp,
  title = {The Elements of Statistical Learning, 2nd Edition},
  author = {{Trevor Hastie, Robert Tibshirani, Jerome Friedman}},
  howpublished = {\url{https://hastie.su.domains/ElemStatLearn/printings/ESLII_print12_toc.pdf}},
  note = {Accessed: 2022-08-10}
}





% You should lookup the entries defined in bibtex to properly format your .bib file